<record><leader>00000cas a22000007a 4500</leader><controlfield tag="001">13314412</controlfield><controlfield tag="008">860319d19851992inuwr ne      0    0eng d</controlfield><datafield ind1=" " ind2=" " tag="010"><subfield code="a">sn 86058342 </subfield></datafield><datafield ind1=" " ind2=" " tag="040"><subfield code="a">NPI</subfield><subfield code="b">eng</subfield><subfield code="c">NPI</subfield><subfield code="d">NSD</subfield><subfield code="d">NPI</subfield><subfield code="d">OCLCQ</subfield></datafield><datafield ind1=" " ind2=" " tag="042"><subfield code="a">msc</subfield></datafield><datafield ind1="0" ind2="4" tag="245"><subfield code="a">The Alexandria, In. times-tribune.</subfield></datafield><datafield ind1="3" ind2="0" tag="246"><subfield code="a">Alexandria, Indiana times-tribune</subfield></datafield><datafield ind1="3" ind2="0" tag="246"><subfield code="a">Times tribune</subfield></datafield><datafield ind1=" " ind2=" " tag="260"><subfield code="a">Alexandria, Ind. :</subfield><subfield code="b">Elwood Pub. Co.,</subfield><subfield code="c">1985-1992.</subfield></datafield><datafield ind1=" " ind2=" " tag="300"><subfield code="a">8 v. :</subfield><subfield code="b">ill. ;</subfield><subfield code="c">58 cm.</subfield></datafield><datafield ind1=" " ind2=" " tag="310"><subfield code="a">Weekly</subfield></datafield><datafield ind1="0" ind2=" " tag="362"><subfield code="a">Vol. 99, no. 50 (Dec. 11, 1985)-v. 106, no. 19 (May 6, 1992).</subfield></datafield><datafield ind1=" " ind2=" " tag="500"><subfield code="a">Independent-Democratic. Cf. Ayer directory of publications.</subfield></datafield><datafield ind1=" " ind2=" " tag="752"><subfield code="a">United States</subfield><subfield code="b">Indiana</subfield><subfield code="c">Madison</subfield><subfield code="d">Alexandria.</subfield></datafield><datafield ind1="0" ind2="0" tag="780"><subfield code="t">Alexandria times-tribune</subfield><subfield code="x">0746-1542</subfield><subfield code="w">(DLC)sn 83008622</subfield><subfield code="w">(OCoLC)9817278</subfield></datafield><datafield ind1="0" ind2="0" tag="785"><subfield code="t">Alexandria times-tribune (Elwood, Ind.)</subfield><subfield code="x">1063-553X</subfield><subfield code="w">(DLC)sn 92004385</subfield><subfield code="w">(OCoLC)26061144</subfield></datafield></record>